@article{IvanCambon,
    author = "Invan Cambón Bouzas",
    title = "Resistividad eléctrica dunha placa dentada",
    year = "2021",
}