@article{mates,
  author = {Desconocido},
  journal = {},
  number = {},
  title = {Apuntes Astronomia, 4ยบ Curso de Grado de Matematicas USC},
  volume = {},
  year = {}
}