@book{Haile,
	author = {J. M. Haile},
	title = {Molecular Dynamics Simulation}
}


