@article{IvanCambon,
    author = "Ivan Cambón Bouzas",
    title = "Resistividad eléctrica dunha placa dentada",
    year = "2021",
}

@manual{Root,
  author = "Rene Brun and Fons Rademakers",
  title = "ROOT - An Object Oriented Data Analysis Framework,
  Proceedings"
}

@article{Guion,
  author = {Carlos Caballerira Romero et al},
  journal = {},
  number = {},
  title = {Resistividad eléctrica de una placa dentada (puesto 1) o perforada (puesto 2)}, 
  year = {2024}
}

@book{Estadistica,
  author = {Luis M. Varela Cabo and Faustino G. Rodríguez and Jesus C. Montaña},
  editor = {Manuais Universitarios},
  title = {Tratamiendo de datos físicos}, 
  year = {2010}
}
