@article{key,
  author = {},
  journal = {},
  number = {},
  title = {},
  volume = {},
  year = {}
}