@manual{Root,
  author = "Rene Brun and Fons Rademakers",
  title = "ROOT - An Object Oriented Data Analysis Framework,
  Proceedings"
}

@book{Estadistica,
  author = {Luis M. Varela Cabo and Faustino G. Rodríguez and Jesus C. Montaña},
  editor = {Manuais Universitarios},
  title = {Tratamiendo de datos físicos}, 
  year = {2010}
}
