@ARTICLE{Biblia,
	author = {A. M. Lane, R. G. Thomas},
	title = {R-Matrix Theory of Nuclear Reactions},
	journal = {Reviews of Modern Physics},
	volume = {30},
	pages = {288,289},
	year = {1958 }
}
@ARTICLE{17Fp,
	author = {J.J. He et al.},
	title = {Study of proton resonances in $^{18}$Ne via resonant elastic scattering
	of $^{17}$F + p and its astrophysical implication in the stellar reaction
	of $^{14}$O($\alpha$, p)$^{17}$},
	journal = {THE EUROPEAN	PHYSICAL JOURNAL},
	volume = {15},
	pages = {47: 67},
	year = {2011}
}
@ARTICLE{AlphaAlpha,
	author = {Suprita Chakraborty, Rajkumar Santra, Subinit Roy, V. M. Datar},
	title = {R-matrix analysis of elastic scattering, phase shifts, and radiative capture reaction cross sections in the $\alpha$ + $\alpha$ system},
	journal = {PHYSICAL REVIEW C},
	volume = {106},
	pages = {0,10},
	year = {2022}
}
@ARTICLE{Resumencito,
	author = {Frank Gunsing},
	title = {Introduction to neutron-induced reactions and the
	R-matrix formalism},
	pages = {1,29},
	year = {2014}
}
