@book{Haile,
	author = {J. M. Haile},
	title = {Molecular Dynamics Simulation}
}


@book{Frenkel,
	author = {Daan Frenkel. Berend Smit},
	title = {Understanding Molecular Simulation from Algorithms to Applications}
}

@book{Rapaport,
	author = {D. C. Rapaport},
	title = {The Art of Molecular Dynamics Simulations}
}

