@article{p1,
  author  = {Antonio },
  title   = {Apuntes tema 3},
  journal = {Fisica Electr√≥nica USC},
  year    = {2025},
}