@book{Theorical_Atomic_Physics,
	author = {Harald Friedrich},
	title = {Theorical Atomic Physics}
}

@book{Feynman_3,
	author = {Feynman, Leighton, Sands},
	title = {The Feynman Lectures Volume III: Quantum Mechanics}
}

@book{Atoms_Molecules_Weissbluth,
	author = {Weissbluth},
	title = {Atoms and Molecules}
}

@book{Atomic_Physics_Foot,
	author = {Christopher J. Foot},
	title = {Atomic Physics}
}
@book{Notas_asignatura,
	author = {Juan José Saborido Silva, Cibrán Santamarina Ríos},
	title = {Quantum Physics III, Lectures notes}
}



