@book{Fisica del Estado Solido,
	author = {Jesús Maza, Jesús Mosqueria, José Antonio Veira},
	title = {Física del Estado Sólido},
	date = {2008},
	editor = {Manuales Universitarios Universidade Santiago de Compostela},
	language = {Español},
}
