@book{Haile,
	author = {J. M. Haile},
	title = {Molecular Dynamics Simulation}
}


@article{ElementosSimluacion,
	author = {Gonzalo Gutiérrez},
	title = {Elementos de simulación computacional}
}



@article{Entrega2,
	author = {Daniel Vázquez Lago},
	title = {Entrega obligatoria 2, Simulación en Física de Materiales}
}

