@article{CarlotaCarrillo,
  author = {Carlota Carrillo},
  journal = {},
  number = {},
  title = {Resumen de Seminarios},
  volume = {},
  year = {2024}
}
@article{DetectoresTECIV,
author = {Manuel Caamaño, 
Francesc Yassid Ayyad Limonge},
journal = {},
number = {},
title = {Detectores Técnicas IV},
volume = {},
year = {2024}
}

@online{wiki-dinodo,
author       = {{Wikipedia contributors}},
title        = {Dinodo},
year         = 2024,
url          = {https://es.wikipedia.org/wiki/D%C3%ADnodo},
note         = {Consultado el 11 de mayo de 2025},
}

@book{Knoll:1300754,
      author        = "Knoll, Glenn F",
      title         = "{Radiation detection and measurement; 4th ed.}",
      publisher     = "Wiley",
      address       = "New York, NY",
      year          = "2010",
      url           = "https://cds.cern.ch/record/1300754",
}